%YAML 1.1
%TAG !u! tag:unity3d.com,2011:
--- !u!1 &725672324610492369
GameObject:
  m_ObjectHideFlags: 0
  m_CorrespondingSourceObject: {fileID: 0}
  m_PrefabInstance: {fileID: 0}
  m_PrefabAsset: {fileID: 0}
  serializedVersion: 6
  m_Component:
  - component: {fileID: 6686341792006825403}
  - component: {fileID: 377078058244323846}
  - component: {fileID: 810476403864930463}
  - component: {fileID: 2262150995791327416}
  - component: {fileID: 3676008621892824248}
  m_Layer: 0
  m_Name: Bravery
  m_TagString: Untagged
  m_Icon: {fileID: 0}
  m_NavMeshLayer: 0
  m_StaticEditorFlags: 0
  m_IsActive: 1
--- !u!224 &6686341792006825403
RectTransform:
  m_ObjectHideFlags: 0
  m_CorrespondingSourceObject: {fileID: 0}
  m_PrefabInstance: {fileID: 0}
  m_PrefabAsset: {fileID: 0}
  m_GameObject: {fileID: 725672324610492369}
  m_LocalRotation: {x: -0, y: -0, z: -0, w: 1}
  m_LocalPosition: {x: 0, y: 0, z: -8.57058}
  m_LocalScale: {x: 10, y: 10, z: 1}
  m_Children: []
  m_Father: {fileID: 1676679628864717528}
  m_RootOrder: 1
  m_LocalEulerAnglesHint: {x: 0, y: 0, z: 0}
  m_AnchorMin: {x: 0.5, y: 0.5}
  m_AnchorMax: {x: 0.5, y: 0.5}
  m_AnchoredPosition: {x: -10, y: 1}
  m_SizeDelta: {x: 67.738525, y: 25.967422}
  m_Pivot: {x: 0.5, y: 0.5}
--- !u!23 &377078058244323846
MeshRenderer:
  m_ObjectHideFlags: 0
  m_CorrespondingSourceObject: {fileID: 0}
  m_PrefabInstance: {fileID: 0}
  m_PrefabAsset: {fileID: 0}
  m_GameObject: {fileID: 725672324610492369}
  m_Enabled: 1
  m_CastShadows: 0
  m_ReceiveShadows: 0
  m_DynamicOccludee: 1
  m_MotionVectors: 1
  m_LightProbeUsage: 1
  m_ReflectionProbeUsage: 1
  m_RayTracingMode: 2
  m_RenderingLayerMask: 1
  m_RendererPriority: 0
  m_Materials:
  - {fileID: 1436579652320391855, guid: 520dc288fbf46074b9d851c3efb49ac6, type: 2}
  m_StaticBatchInfo:
    firstSubMesh: 0
    subMeshCount: 0
  m_StaticBatchRoot: {fileID: 0}
  m_ProbeAnchor: {fileID: 0}
  m_LightProbeVolumeOverride: {fileID: 0}
  m_ScaleInLightmap: 1
  m_ReceiveGI: 1
  m_PreserveUVs: 0
  m_IgnoreNormalsForChartDetection: 0
  m_ImportantGI: 0
  m_StitchLightmapSeams: 1
  m_SelectedEditorRenderState: 3
  m_MinimumChartSize: 4
  m_AutoUVMaxDistance: 0.5
  m_AutoUVMaxAngle: 89
  m_LightmapParameters: {fileID: 0}
  m_SortingLayerID: 677658893
  m_SortingLayer: 7
  m_SortingOrder: 1
--- !u!222 &810476403864930463
CanvasRenderer:
  m_ObjectHideFlags: 0
  m_CorrespondingSourceObject: {fileID: 0}
  m_PrefabInstance: {fileID: 0}
  m_PrefabAsset: {fileID: 0}
  m_GameObject: {fileID: 725672324610492369}
  m_CullTransparentMesh: 0
--- !u!114 &2262150995791327416
MonoBehaviour:
  m_ObjectHideFlags: 0
  m_CorrespondingSourceObject: {fileID: 0}
  m_PrefabInstance: {fileID: 0}
  m_PrefabAsset: {fileID: 0}
  m_GameObject: {fileID: 725672324610492369}
  m_Enabled: 1
  m_EditorHideFlags: 0
  m_Script: {fileID: 11500000, guid: 9541d86e2fd84c1d9990edf0852d74ab, type: 3}
  m_Name: 
  m_EditorClassIdentifier: 
  m_Material: {fileID: 0}
  m_Color: {r: 1, g: 1, b: 1, a: 1}
  m_RaycastTarget: 1
  m_Maskable: 1
  m_OnCullStateChanged:
    m_PersistentCalls:
      m_Calls: []
  m_text: <color=#FFDA59>Bravery:</color> Deal 7 Damage.
  m_isRightToLeft: 0
  m_fontAsset: {fileID: 11400000, guid: 520dc288fbf46074b9d851c3efb49ac6, type: 2}
  m_sharedMaterial: {fileID: 1436579652320391855, guid: 520dc288fbf46074b9d851c3efb49ac6,
    type: 2}
  m_fontSharedMaterials: []
  m_fontMaterial: {fileID: 0}
  m_fontMaterials: []
  m_fontColor32:
    serializedVersion: 2
    rgba: 4290501872
  m_fontColor: {r: 0.9411765, g: 0.8627451, b: 0.73333335, a: 1}
  m_enableVertexGradient: 0
  m_colorMode: 3
  m_fontColorGradient:
    topLeft: {r: 1, g: 1, b: 1, a: 1}
    topRight: {r: 1, g: 1, b: 1, a: 1}
    bottomLeft: {r: 1, g: 1, b: 1, a: 1}
    bottomRight: {r: 1, g: 1, b: 1, a: 1}
  m_fontColorGradientPreset: {fileID: 0}
  m_spriteAsset: {fileID: 0}
  m_tintAllSprites: 0
  m_StyleSheet: {fileID: 0}
  m_TextStyleHashCode: -1183493901
  m_overrideHtmlColors: 0
  m_faceColor:
    serializedVersion: 2
    rgba: 4294967295
  m_fontSize: 66
  m_fontSizeBase: 66
  m_fontWeight: 400
  m_enableAutoSizing: 0
  m_fontSizeMin: 18
  m_fontSizeMax: 72
  m_fontStyle: 1
  m_HorizontalAlignment: 2
  m_VerticalAlignment: 1024
  m_textAlignment: 65535
  m_characterSpacing: 0
  m_wordSpacing: 0
  m_lineSpacing: 0
  m_lineSpacingMax: 0
  m_paragraphSpacing: 0
  m_charWidthMaxAdj: 0
  m_enableWordWrapping: 1
  m_wordWrappingRatios: 0.4
  m_overflowMode: 0
  m_linkedTextComponent: {fileID: 0}
  parentLinkedComponent: {fileID: 0}
  m_enableKerning: 1
  m_enableExtraPadding: 0
  checkPaddingRequired: 0
  m_isRichText: 1
  m_parseCtrlCharacters: 1
  m_isOrthographic: 0
  m_isCullingEnabled: 0
  m_horizontalMapping: 0
  m_verticalMapping: 0
  m_uvLineOffset: 0
  m_geometrySortingOrder: 0
  m_IsTextObjectScaleStatic: 0
  m_VertexBufferAutoSizeReduction: 0
  m_useMaxVisibleDescender: 1
  m_pageToDisplay: 1
  m_margin: {x: 0, y: 0, z: 0, w: 0}
  m_isUsingLegacyAnimationComponent: 0
  m_isVolumetricText: 0
  m_hasFontAssetChanged: 0
  m_renderer: {fileID: 377078058244323846}
  m_maskType: 0
  _SortingLayer: 0
  _SortingLayerID: 0
  _SortingOrder: 0
--- !u!114 &3676008621892824248
MonoBehaviour:
  m_ObjectHideFlags: 0
  m_CorrespondingSourceObject: {fileID: 0}
  m_PrefabInstance: {fileID: 0}
  m_PrefabAsset: {fileID: 0}
  m_GameObject: {fileID: 725672324610492369}
  m_Enabled: 1
  m_EditorHideFlags: 0
  m_Script: {fileID: 11500000, guid: 56eb0353ae6e5124bb35b17aff880f16, type: 3}
  m_Name: 
  m_EditorClassIdentifier: 
  m_StringReference:
    m_TableReference:
      m_TableCollectionName: GUID:c5893ae37991d9c488a6cd4cbfa30ace
    m_TableEntryReference:
      m_KeyId: 1090982276202496
      m_Key: 
    m_FallbackState: 0
    m_WaitForCompletion: 0
    m_LocalVariables:
    - name: dano
      variable:
        id: 0
  m_FormatArguments: []
  m_UpdateString:
    m_PersistentCalls:
      m_Calls:
      - m_Target: {fileID: 2262150995791327416}
        m_MethodName: set_text
        m_Mode: 0
        m_Arguments:
          m_ObjectArgument: {fileID: 0}
          m_ObjectArgumentAssemblyTypeName: UnityEngine.Object, UnityEngine
          m_IntArgument: 0
          m_FloatArgument: 0
          m_StringArgument: 
          m_BoolArgument: 0
        m_CallState: 2
  references:
    version: 1
    00000000:
      type: {class: ObjectVariable, ns: UnityEngine.Localization.SmartFormat.PersistentVariables,
        asm: Unity.Localization}
      data:
        m_Value: {fileID: 4185487034764735718}
--- !u!1 &8444543420812055790
GameObject:
  m_ObjectHideFlags: 0
  m_CorrespondingSourceObject: {fileID: 0}
  m_PrefabInstance: {fileID: 0}
  m_PrefabAsset: {fileID: 0}
  serializedVersion: 6
  m_Component:
  - component: {fileID: 4945810846299963791}
  - component: {fileID: 5110372245239035500}
  m_Layer: 5
  m_Name: Gray_Star 2
  m_TagString: Untagged
  m_Icon: {fileID: 0}
  m_NavMeshLayer: 0
  m_StaticEditorFlags: 0
  m_IsActive: 1
--- !u!4 &4945810846299963791
Transform:
  m_ObjectHideFlags: 0
  m_CorrespondingSourceObject: {fileID: 0}
  m_PrefabInstance: {fileID: 0}
  m_PrefabAsset: {fileID: 0}
  m_GameObject: {fileID: 8444543420812055790}
  m_LocalRotation: {x: -0, y: -0, z: -0, w: 1}
  m_LocalPosition: {x: 0.3500005, y: 0, z: 0}
  m_LocalScale: {x: 1, y: 1, z: 1}
  m_Children: []
  m_Father: {fileID: 9147934560085266226}
  m_RootOrder: 2
  m_LocalEulerAnglesHint: {x: 0, y: 0, z: 0}
--- !u!212 &5110372245239035500
SpriteRenderer:
  m_ObjectHideFlags: 0
  m_CorrespondingSourceObject: {fileID: 0}
  m_PrefabInstance: {fileID: 0}
  m_PrefabAsset: {fileID: 0}
  m_GameObject: {fileID: 8444543420812055790}
  m_Enabled: 1
  m_CastShadows: 0
  m_ReceiveShadows: 0
  m_DynamicOccludee: 1
  m_MotionVectors: 1
  m_LightProbeUsage: 1
  m_ReflectionProbeUsage: 1
  m_RayTracingMode: 0
  m_RenderingLayerMask: 1
  m_RendererPriority: 0
  m_Materials:
  - {fileID: 2100000, guid: 9dfc825aed78fcd4ba02077103263b40, type: 2}
  m_StaticBatchInfo:
    firstSubMesh: 0
    subMeshCount: 0
  m_StaticBatchRoot: {fileID: 0}
  m_ProbeAnchor: {fileID: 0}
  m_LightProbeVolumeOverride: {fileID: 0}
  m_ScaleInLightmap: 1
  m_ReceiveGI: 1
  m_PreserveUVs: 0
  m_IgnoreNormalsForChartDetection: 0
  m_ImportantGI: 0
  m_StitchLightmapSeams: 1
  m_SelectedEditorRenderState: 0
  m_MinimumChartSize: 4
  m_AutoUVMaxDistance: 0.5
  m_AutoUVMaxAngle: 89
  m_LightmapParameters: {fileID: 0}
  m_SortingLayerID: 677658893
  m_SortingLayer: 7
  m_SortingOrder: 1
  m_Sprite: {fileID: 21300000, guid: 47a25a0ae75c35c42b2396d327d114e8, type: 3}
  m_Color: {r: 1, g: 1, b: 1, a: 1}
  m_FlipX: 0
  m_FlipY: 0
  m_DrawMode: 0
  m_Size: {x: 0.92, y: 0.35}
  m_AdaptiveModeThreshold: 0.5
  m_SpriteTileMode: 0
  m_WasSpriteAssigned: 1
  m_MaskInteraction: 0
  m_SpriteSortPoint: 0
--- !u!95 &7948718625853062474
Animator:
  serializedVersion: 3
  m_ObjectHideFlags: 0
  m_CorrespondingSourceObject: {fileID: 0}
  m_PrefabInstance: {fileID: 0}
  m_PrefabAsset: {fileID: 0}
  m_GameObject: {fileID: 7872347440392931497}
  m_Enabled: 1
  m_Avatar: {fileID: 0}
  m_Controller: {fileID: 9100000, guid: 07202247e7cdd9140b18aaedf43c2589, type: 2}
  m_CullingMode: 0
  m_UpdateMode: 0
  m_ApplyRootMotion: 0
  m_LinearVelocityBlending: 0
  m_WarningMessage: 
  m_HasTransformHierarchy: 1
  m_AllowConstantClipSamplingOptimization: 1
  m_KeepAnimatorControllerStateOnDisable: 0
--- !u!114 &4185487034764735718
MonoBehaviour:
  m_ObjectHideFlags: 0
  m_CorrespondingSourceObject: {fileID: 0}
  m_PrefabInstance: {fileID: 0}
  m_PrefabAsset: {fileID: 0}
  m_GameObject: {fileID: 7872347440392931497}
  m_Enabled: 1
  m_EditorHideFlags: 0
  m_Script: {fileID: 11500000, guid: 78c909e638363054c9af7c4998ea3cca, type: 3}
  m_Name: 
  m_EditorClassIdentifier: 
  kind: 0
  hasPassiveEffect: 0
  effectText: 
  battleManager: {fileID: 0}
  playerDeck: {fileID: 0}
  player: {fileID: 0}
  thisCardStatus: {fileID: 0}
  battleUIManagerScript: {fileID: 0}
  destroyOnUse: 0
  sendToGraveyardOnUse: 1
  localizedStrings:
  - {fileID: 4703239073821639309}
  - {fileID: 3676008621892824248}
  dhos: 0000
  actualDamage: 3
  braveDamagePerLevel: 07000000090000000b000000
  actualBraveDamage: 7
--- !u!114 &7815989880163300498
MonoBehaviour:
  m_ObjectHideFlags: 0
  m_CorrespondingSourceObject: {fileID: 0}
  m_PrefabInstance: {fileID: 0}
  m_PrefabAsset: {fileID: 0}
  m_GameObject: {fileID: 1664032667799256101}
  m_Enabled: 1
  m_EditorHideFlags: 0
  m_Script: {fileID: 11500000, guid: 56eb0353ae6e5124bb35b17aff880f16, type: 3}
  m_Name: 
  m_EditorClassIdentifier: 
  m_StringReference:
    m_TableReference:
      m_TableCollectionName: GUID:f27378ba44e309b45a21811dbff9a895
    m_TableEntryReference:
      m_KeyId: 14120304640
      m_Key: 
    m_FallbackState: 0
    m_WaitForCompletion: 0
    m_LocalVariables: []
  m_FormatArguments: []
  m_UpdateString:
    m_PersistentCalls:
      m_Calls:
      - m_Target: {fileID: 3744293185920206831}
        m_MethodName: set_text
        m_Mode: 0
        m_Arguments:
          m_ObjectArgument: {fileID: 0}
          m_ObjectArgumentAssemblyTypeName: UnityEngine.Object, UnityEngine
          m_IntArgument: 0
          m_FloatArgument: 0
          m_StringArgument: 
          m_BoolArgument: 0
        m_CallState: 2
  references:
    version: 1
--- !u!114 &1388615906140335893
MonoBehaviour:
  m_ObjectHideFlags: 0
  m_CorrespondingSourceObject: {fileID: 0}
  m_PrefabInstance: {fileID: 0}
  m_PrefabAsset: {fileID: 0}
  m_GameObject: {fileID: 4068044528034481024}
  m_Enabled: 1
  m_EditorHideFlags: 0
  m_Script: {fileID: 11500000, guid: 56eb0353ae6e5124bb35b17aff880f16, type: 3}
  m_Name: 
  m_EditorClassIdentifier: 
  m_StringReference:
    m_TableReference:
      m_TableCollectionName: GUID:3c140cc797f5c8b4585bd3189cf3762f
    m_TableEntryReference:
      m_KeyId: 1004894601216
      m_Key: 
    m_FallbackState: 0
    m_WaitForCompletion: 0
    m_LocalVariables: []
  m_FormatArguments: []
  m_UpdateString:
    m_PersistentCalls:
      m_Calls:
      - m_Target: {fileID: 3401177950376307594}
        m_MethodName: set_text
        m_Mode: 0
        m_Arguments:
          m_ObjectArgument: {fileID: 0}
          m_ObjectArgumentAssemblyTypeName: UnityEngine.Object, UnityEngine
          m_IntArgument: 0
          m_FloatArgument: 0
          m_StringArgument: 
          m_BoolArgument: 0
        m_CallState: 2
  references:
    version: 1
--- !u!114 &4703239073821639309
MonoBehaviour:
  m_ObjectHideFlags: 0
  m_CorrespondingSourceObject: {fileID: 0}
  m_PrefabInstance: {fileID: 0}
  m_PrefabAsset: {fileID: 0}
  m_GameObject: {fileID: 8825890241174587795}
  m_Enabled: 1
  m_EditorHideFlags: 0
  m_Script: {fileID: 11500000, guid: 56eb0353ae6e5124bb35b17aff880f16, type: 3}
  m_Name: 
  m_EditorClassIdentifier: 
  m_StringReference:
    m_TableReference:
      m_TableCollectionName: GUID:c5893ae37991d9c488a6cd4cbfa30ace
    m_TableEntryReference:
      m_KeyId: 475031323246592
      m_Key: 
    m_FallbackState: 0
    m_WaitForCompletion: 0
    m_LocalVariables:
    - name: dano
      variable:
        id: 0
  m_FormatArguments: []
  m_UpdateString:
    m_PersistentCalls:
      m_Calls:
      - m_Target: {fileID: 7392383488471602584}
        m_MethodName: set_text
        m_Mode: 0
        m_Arguments:
          m_ObjectArgument: {fileID: 0}
          m_ObjectArgumentAssemblyTypeName: UnityEngine.Object, UnityEngine
          m_IntArgument: 0
          m_FloatArgument: 0
          m_StringArgument: 
          m_BoolArgument: 0
        m_CallState: 2
  references:
    version: 1
    00000000:
      type: {class: ObjectVariable, ns: UnityEngine.Localization.SmartFormat.PersistentVariables,
        asm: Unity.Localization}
      data:
        m_Value: {fileID: 4185487034764735718}
--- !u!1 &8825785454756371328
GameObject:
  m_ObjectHideFlags: 0
  m_CorrespondingSourceObject: {fileID: 0}
  m_PrefabInstance: {fileID: 0}
  m_PrefabAsset: {fileID: 0}
  serializedVersion: 6
  m_Component:
  - component: {fileID: 8763098971320280983}
  - component: {fileID: 4940718937864321723}
  m_Layer: 5
  m_Name: Gray_Star
  m_TagString: Untagged
  m_Icon: {fileID: 0}
  m_NavMeshLayer: 0
  m_StaticEditorFlags: 0
  m_IsActive: 1
--- !u!4 &8763098971320280983
Transform:
  m_ObjectHideFlags: 0
  m_CorrespondingSourceObject: {fileID: 0}
  m_PrefabInstance: {fileID: 0}
  m_PrefabAsset: {fileID: 0}
  m_GameObject: {fileID: 8825785454756371328}
  m_LocalRotation: {x: -0, y: -0, z: -0, w: 1}
  m_LocalPosition: {x: 0, y: 0, z: 0}
  m_LocalScale: {x: 1, y: 1, z: 1}
  m_Children: []
  m_Father: {fileID: 9147934560085266226}
  m_RootOrder: 1
  m_LocalEulerAnglesHint: {x: 0, y: 0, z: 0}
--- !u!212 &4940718937864321723
SpriteRenderer:
  m_ObjectHideFlags: 0
  m_CorrespondingSourceObject: {fileID: 0}
  m_PrefabInstance: {fileID: 0}
  m_PrefabAsset: {fileID: 0}
  m_GameObject: {fileID: 8825785454756371328}
  m_Enabled: 1
  m_CastShadows: 0
  m_ReceiveShadows: 0
  m_DynamicOccludee: 1
  m_MotionVectors: 1
  m_LightProbeUsage: 1
  m_ReflectionProbeUsage: 1
  m_RayTracingMode: 0
  m_RenderingLayerMask: 1
  m_RendererPriority: 0
  m_Materials:
  - {fileID: 2100000, guid: 9dfc825aed78fcd4ba02077103263b40, type: 2}
  m_StaticBatchInfo:
    firstSubMesh: 0
    subMeshCount: 0
  m_StaticBatchRoot: {fileID: 0}
  m_ProbeAnchor: {fileID: 0}
  m_LightProbeVolumeOverride: {fileID: 0}
  m_ScaleInLightmap: 1
  m_ReceiveGI: 1
  m_PreserveUVs: 0
  m_IgnoreNormalsForChartDetection: 0
  m_ImportantGI: 0
  m_StitchLightmapSeams: 1
  m_SelectedEditorRenderState: 0
  m_MinimumChartSize: 4
  m_AutoUVMaxDistance: 0.5
  m_AutoUVMaxAngle: 89
  m_LightmapParameters: {fileID: 0}
  m_SortingLayerID: 677658893
  m_SortingLayer: 7
  m_SortingOrder: 1
  m_Sprite: {fileID: 21300000, guid: 47a25a0ae75c35c42b2396d327d114e8, type: 3}
  m_Color: {r: 1, g: 1, b: 1, a: 1}
  m_FlipX: 0
  m_FlipY: 0
  m_DrawMode: 0
  m_Size: {x: 0.92, y: 0.35}
  m_AdaptiveModeThreshold: 0.5
  m_SpriteTileMode: 0
  m_WasSpriteAssigned: 1
  m_MaskInteraction: 0
  m_SpriteSortPoint: 0
--- !u!1001 &8523451490477606780
PrefabInstance:
  m_ObjectHideFlags: 0
  serializedVersion: 2
  m_Modification:
    m_TransformParent: {fileID: 0}
    m_Modifications:
    - target: {fileID: -76767564110982316, guid: a0b06e4202f2ce94c845166a280cb091,
        type: 3}
      propertyPath: card
      value: 
      objectReference: {fileID: 11400000, guid: 762857fa464eaa14ea18e3a90e030f52,
        type: 2}
    - target: {fileID: -76767564110982316, guid: a0b06e4202f2ce94c845166a280cb091,
        type: 3}
      propertyPath: stars
      value: 
      objectReference: {fileID: 0}
    - target: {fileID: -76767564110982316, guid: a0b06e4202f2ce94c845166a280cb091,
        type: 3}
      propertyPath: animator
      value: 
      objectReference: {fileID: 7948718625853062474}
    - target: {fileID: -76767564110982316, guid: a0b06e4202f2ce94c845166a280cb091,
        type: 3}
      propertyPath: costText
      value: 
      objectReference: {fileID: 7420192362884736274}
    - target: {fileID: -76767564110982316, guid: a0b06e4202f2ce94c845166a280cb091,
        type: 3}
      propertyPath: goldStar
      value: 
      objectReference: {fileID: 21300000, guid: ab7955009ab4cab4b84c2a494c428b4f,
        type: 3}
    - target: {fileID: -76767564110982316, guid: a0b06e4202f2ce94c845166a280cb091,
        type: 3}
      propertyPath: maxLevel
      value: 2
      objectReference: {fileID: 0}
    - target: {fileID: -76767564110982316, guid: a0b06e4202f2ce94c845166a280cb091,
        type: 3}
      propertyPath: cardPrefab
      value: 
      objectReference: {fileID: 7872347440392931497}
    - target: {fileID: -76767564110982316, guid: a0b06e4202f2ce94c845166a280cb091,
        type: 3}
      propertyPath: cardDescription
      value: 
      objectReference: {fileID: 0}
    - target: {fileID: -76767564110982316, guid: a0b06e4202f2ce94c845166a280cb091,
        type: 3}
      propertyPath: cardCenterSprite
      value: 
      objectReference: {fileID: 21300000, guid: 26c66a46d1cbdc4f2bf68376cf1403e8,
        type: 3}
    - target: {fileID: -76767564110982316, guid: a0b06e4202f2ce94c845166a280cb091,
        type: 3}
      propertyPath: grayStars.Array.size
      value: 2
      objectReference: {fileID: 0}
    - target: {fileID: -76767564110982316, guid: a0b06e4202f2ce94c845166a280cb091,
        type: 3}
      propertyPath: cardEffects.Array.size
      value: 1
      objectReference: {fileID: 0}
    - target: {fileID: -76767564110982316, guid: a0b06e4202f2ce94c845166a280cb091,
        type: 3}
      propertyPath: grayStars.Array.data[0]
      value: 
      objectReference: {fileID: 4940718937864321723}
    - target: {fileID: -76767564110982316, guid: a0b06e4202f2ce94c845166a280cb091,
        type: 3}
      propertyPath: grayStars.Array.data[1]
      value: 
      objectReference: {fileID: 5110372245239035500}
    - target: {fileID: -76767564110982316, guid: a0b06e4202f2ce94c845166a280cb091,
        type: 3}
      propertyPath: cardDescriptionTransform
      value: 
      objectReference: {fileID: 1676679628864717528}
    - target: {fileID: -76767564110982316, guid: a0b06e4202f2ce94c845166a280cb091,
        type: 3}
      propertyPath: cardEffects.Array.data[0]
      value: 
      objectReference: {fileID: 4185487034764735718}
    - target: {fileID: -76767564110982316, guid: a0b06e4202f2ce94c845166a280cb091,
        type: 3}
      propertyPath: hasUpgradeOnString.Array.size
      value: 2
      objectReference: {fileID: 0}
    - target: {fileID: -76767564110982316, guid: a0b06e4202f2ce94c845166a280cb091,
        type: 3}
      propertyPath: hasUpgradeOnString.Array.data[1]
      value: 1
      objectReference: {fileID: 0}
    - target: {fileID: -76767564110982316, guid: a0b06e4202f2ce94c845166a280cb091,
        type: 3}
      propertyPath: Effect.m_PersistentCalls.m_Calls.Array.size
      value: 1
      objectReference: {fileID: 0}
    - target: {fileID: -76767564110982316, guid: a0b06e4202f2ce94c845166a280cb091,
        type: 3}
      propertyPath: Effect.m_PersistentCalls.m_Calls.Array.data[0].m_Mode
      value: 1
      objectReference: {fileID: 0}
    - target: {fileID: -76767564110982316, guid: a0b06e4202f2ce94c845166a280cb091,
        type: 3}
      propertyPath: Effect.m_PersistentCalls.m_Calls.Array.data[0].m_CallState
      value: 2
      objectReference: {fileID: 0}
    - target: {fileID: 763738040, guid: a0b06e4202f2ce94c845166a280cb091, type: 3}
      propertyPath: m_Alpha
      value: 1
      objectReference: {fileID: 0}
    - target: {fileID: 763738041, guid: a0b06e4202f2ce94c845166a280cb091, type: 3}
      propertyPath: glow
      value: 
      objectReference: {fileID: 7818137475151301446}
    - target: {fileID: 763738041, guid: a0b06e4202f2ce94c845166a280cb091, type: 3}
      propertyPath: image
      value: 
      objectReference: {fileID: 0}
    - target: {fileID: 763738041, guid: a0b06e4202f2ce94c845166a280cb091, type: 3}
      propertyPath: cardImage
      value: 
      objectReference: {fileID: 0}
    - target: {fileID: 763738041, guid: a0b06e4202f2ce94c845166a280cb091, type: 3}
      propertyPath: glowImage
      value: 
      objectReference: {fileID: 0}
    - target: {fileID: 763738041, guid: a0b06e4202f2ce94c845166a280cb091, type: 3}
      propertyPath: thisPrefab
      value: 
      objectReference: {fileID: 7872347440392931497}
    - target: {fileID: 763738041, guid: a0b06e4202f2ce94c845166a280cb091, type: 3}
      propertyPath: canvasGroup
      value: 
      objectReference: {fileID: 0}
    - target: {fileID: 763738041, guid: a0b06e4202f2ce94c845166a280cb091, type: 3}
      propertyPath: cardAnimator
      value: 
      objectReference: {fileID: 7948718625853062474}
    - target: {fileID: 763738041, guid: a0b06e4202f2ce94c845166a280cb091, type: 3}
      propertyPath: glowAnimator
      value: 
      objectReference: {fileID: 0}
    - target: {fileID: 763738041, guid: a0b06e4202f2ce94c845166a280cb091, type: 3}
      propertyPath: thisCardUnit
      value: 
      objectReference: {fileID: 11400000, guid: 762857fa464eaa14ea18e3a90e030f52,
        type: 2}
    - target: {fileID: 763738041, guid: a0b06e4202f2ce94c845166a280cb091, type: 3}
      propertyPath: rectTransform
      value: 
      objectReference: {fileID: 215161697636619352}
    - target: {fileID: 763738041, guid: a0b06e4202f2ce94c845166a280cb091, type: 3}
      propertyPath: shaderHighlight
      value: 
      objectReference: {fileID: 0}
    - target: {fileID: 763738041, guid: a0b06e4202f2ce94c845166a280cb091, type: 3}
      propertyPath: cardSpriteRenderers.Array.size
      value: 6
      objectReference: {fileID: 0}
    - target: {fileID: 763738041, guid: a0b06e4202f2ce94c845166a280cb091, type: 3}
      propertyPath: cardSpriteRenderers.Array.data[3]
      value: 
      objectReference: {fileID: 990203824483064870}
    - target: {fileID: 763738041, guid: a0b06e4202f2ce94c845166a280cb091, type: 3}
      propertyPath: cardSpriteRenderers.Array.data[4]
      value: 
      objectReference: {fileID: 4940718937864321723}
    - target: {fileID: 763738041, guid: a0b06e4202f2ce94c845166a280cb091, type: 3}
      propertyPath: cardSpriteRenderers.Array.data[5]
      value: 
      objectReference: {fileID: 5110372245239035500}
    - target: {fileID: 140260498289543978, guid: a0b06e4202f2ce94c845166a280cb091,
        type: 3}
      propertyPath: m_Sprite
      value: 
      objectReference: {fileID: 21300000, guid: 37711d363204f3349bcbf62daf9afea9,
        type: 3}
    - target: {fileID: 689271607702917502, guid: a0b06e4202f2ce94c845166a280cb091,
        type: 3}
      propertyPath: PlayEvent
      value: 0
      objectReference: {fileID: 0}
    - target: {fileID: 689271607702917502, guid: a0b06e4202f2ce94c845166a280cb091,
        type: 3}
      propertyPath: StopEvent
      value: 0
      objectReference: {fileID: 0}
    - target: {fileID: 689271607702917502, guid: a0b06e4202f2ce94c845166a280cb091,
        type: 3}
      propertyPath: EventReference.Path
      value: event:/EfeitosSonoros/Cartas/Mexer nas Cartas
      objectReference: {fileID: 0}
    - target: {fileID: 689271607702917502, guid: a0b06e4202f2ce94c845166a280cb091,
        type: 3}
      propertyPath: OverrideMaxDistance
      value: 20
      objectReference: {fileID: 0}
    - target: {fileID: 689271607702917502, guid: a0b06e4202f2ce94c845166a280cb091,
        type: 3}
      propertyPath: OverrideMinDistance
      value: 1
      objectReference: {fileID: 0}
    - target: {fileID: 689271607702917502, guid: a0b06e4202f2ce94c845166a280cb091,
        type: 3}
      propertyPath: EventReference.Guid.Data1
      value: 2108711949
      objectReference: {fileID: 0}
    - target: {fileID: 689271607702917502, guid: a0b06e4202f2ce94c845166a280cb091,
        type: 3}
      propertyPath: EventReference.Guid.Data2
      value: 1291629597
      objectReference: {fileID: 0}
    - target: {fileID: 689271607702917502, guid: a0b06e4202f2ce94c845166a280cb091,
        type: 3}
      propertyPath: EventReference.Guid.Data3
      value: 1458915774
      objectReference: {fileID: 0}
    - target: {fileID: 689271607702917502, guid: a0b06e4202f2ce94c845166a280cb091,
        type: 3}
      propertyPath: EventReference.Guid.Data4
      value: 1504231468
      objectReference: {fileID: 0}
    - target: {fileID: 745759425557727143, guid: a0b06e4202f2ce94c845166a280cb091,
        type: 3}
      propertyPath: m_RaycastTarget
      value: 0
      objectReference: {fileID: 0}
    - target: {fileID: 1175422787426792994, guid: a0b06e4202f2ce94c845166a280cb091,
        type: 3}
      propertyPath: m_RootOrder
      value: 6
      objectReference: {fileID: 0}
    - target: {fileID: 1215519336268108516, guid: a0b06e4202f2ce94c845166a280cb091,
        type: 3}
      propertyPath: m_text
      value: Deals 3 Damage.
      objectReference: {fileID: 0}
    - target: {fileID: 1215519336268108516, guid: a0b06e4202f2ce94c845166a280cb091,
        type: 3}
      propertyPath: m_fontSize
      value: 72.3
      objectReference: {fileID: 0}
    - target: {fileID: 1215519336268108516, guid: a0b06e4202f2ce94c845166a280cb091,
        type: 3}
      propertyPath: m_fontStyle
      value: 1
      objectReference: {fileID: 0}
    - target: {fileID: 1215519336268108516, guid: a0b06e4202f2ce94c845166a280cb091,
        type: 3}
      propertyPath: m_fontSizeBase
      value: 72.3
      objectReference: {fileID: 0}
    - target: {fileID: 1470713807790867585, guid: a0b06e4202f2ce94c845166a280cb091,
        type: 3}
      propertyPath: StopEvent
      value: 12
      objectReference: {fileID: 0}
    - target: {fileID: 1834776160948912093, guid: a0b06e4202f2ce94c845166a280cb091,
        type: 3}
      propertyPath: m_RootOrder
      value: 4
      objectReference: {fileID: 0}
    - target: {fileID: 1888973501409332282, guid: a0b06e4202f2ce94c845166a280cb091,
        type: 3}
      propertyPath: m_IsActive
      value: 1
      objectReference: {fileID: 0}
    - target: {fileID: 1948180334346670035, guid: a0b06e4202f2ce94c845166a280cb091,
        type: 3}
      propertyPath: thisCardUnit
      value: 
      objectReference: {fileID: 11400000, guid: 762857fa464eaa14ea18e3a90e030f52,
        type: 2}
    - target: {fileID: 1948180334346670036, guid: a0b06e4202f2ce94c845166a280cb091,
        type: 3}
      propertyPath: m_Pivot.x
      value: 0.5
      objectReference: {fileID: 0}
    - target: {fileID: 1948180334346670036, guid: a0b06e4202f2ce94c845166a280cb091,
        type: 3}
      propertyPath: m_Pivot.y
      value: 0.5
      objectReference: {fileID: 0}
    - target: {fileID: 1948180334346670036, guid: a0b06e4202f2ce94c845166a280cb091,
        type: 3}
      propertyPath: m_RootOrder
      value: 0
      objectReference: {fileID: 0}
    - target: {fileID: 1948180334346670036, guid: a0b06e4202f2ce94c845166a280cb091,
        type: 3}
      propertyPath: m_AnchorMax.x
      value: 0.5
      objectReference: {fileID: 0}
    - target: {fileID: 1948180334346670036, guid: a0b06e4202f2ce94c845166a280cb091,
        type: 3}
      propertyPath: m_AnchorMax.y
      value: 0.5
      objectReference: {fileID: 0}
    - target: {fileID: 1948180334346670036, guid: a0b06e4202f2ce94c845166a280cb091,
        type: 3}
      propertyPath: m_AnchorMin.x
      value: 0.5
      objectReference: {fileID: 0}
    - target: {fileID: 1948180334346670036, guid: a0b06e4202f2ce94c845166a280cb091,
        type: 3}
      propertyPath: m_AnchorMin.y
      value: 0.5
      objectReference: {fileID: 0}
    - target: {fileID: 1948180334346670036, guid: a0b06e4202f2ce94c845166a280cb091,
        type: 3}
      propertyPath: m_SizeDelta.x
      value: 1500
      objectReference: {fileID: 0}
    - target: {fileID: 1948180334346670036, guid: a0b06e4202f2ce94c845166a280cb091,
        type: 3}
      propertyPath: m_SizeDelta.y
      value: 1880
      objectReference: {fileID: 0}
    - target: {fileID: 1948180334346670036, guid: a0b06e4202f2ce94c845166a280cb091,
        type: 3}
      propertyPath: m_LocalScale.x
      value: 0.1
      objectReference: {fileID: 0}
    - target: {fileID: 1948180334346670036, guid: a0b06e4202f2ce94c845166a280cb091,
        type: 3}
      propertyPath: m_LocalScale.y
      value: 0.1
      objectReference: {fileID: 0}
    - target: {fileID: 1948180334346670036, guid: a0b06e4202f2ce94c845166a280cb091,
        type: 3}
      propertyPath: m_LocalPosition.x
      value: 0
      objectReference: {fileID: 0}
    - target: {fileID: 1948180334346670036, guid: a0b06e4202f2ce94c845166a280cb091,
        type: 3}
      propertyPath: m_LocalPosition.y
      value: 0
      objectReference: {fileID: 0}
    - target: {fileID: 1948180334346670036, guid: a0b06e4202f2ce94c845166a280cb091,
        type: 3}
      propertyPath: m_LocalPosition.z
      value: 90
      objectReference: {fileID: 0}
    - target: {fileID: 1948180334346670036, guid: a0b06e4202f2ce94c845166a280cb091,
        type: 3}
      propertyPath: m_LocalRotation.w
      value: 1
      objectReference: {fileID: 0}
    - target: {fileID: 1948180334346670036, guid: a0b06e4202f2ce94c845166a280cb091,
        type: 3}
      propertyPath: m_LocalRotation.x
      value: -0
      objectReference: {fileID: 0}
    - target: {fileID: 1948180334346670036, guid: a0b06e4202f2ce94c845166a280cb091,
        type: 3}
      propertyPath: m_LocalRotation.y
      value: -0
      objectReference: {fileID: 0}
    - target: {fileID: 1948180334346670036, guid: a0b06e4202f2ce94c845166a280cb091,
        type: 3}
      propertyPath: m_LocalRotation.z
      value: -0
      objectReference: {fileID: 0}
    - target: {fileID: 1948180334346670036, guid: a0b06e4202f2ce94c845166a280cb091,
        type: 3}
      propertyPath: m_AnchoredPosition.x
      value: 0
      objectReference: {fileID: 0}
    - target: {fileID: 1948180334346670036, guid: a0b06e4202f2ce94c845166a280cb091,
        type: 3}
      propertyPath: m_AnchoredPosition.y
      value: 0
      objectReference: {fileID: 0}
    - target: {fileID: 1948180334346670036, guid: a0b06e4202f2ce94c845166a280cb091,
        type: 3}
      propertyPath: m_LocalEulerAnglesHint.x
      value: 0
      objectReference: {fileID: 0}
    - target: {fileID: 1948180334346670036, guid: a0b06e4202f2ce94c845166a280cb091,
        type: 3}
      propertyPath: m_LocalEulerAnglesHint.y
      value: 0
      objectReference: {fileID: 0}
    - target: {fileID: 1948180334346670036, guid: a0b06e4202f2ce94c845166a280cb091,
        type: 3}
      propertyPath: m_LocalEulerAnglesHint.z
      value: 0
      objectReference: {fileID: 0}
    - target: {fileID: 1948180334346670037, guid: a0b06e4202f2ce94c845166a280cb091,
        type: 3}
      propertyPath: m_Name
      value: ATQ_OrcFist
      objectReference: {fileID: 0}
    - target: {fileID: 2176949599757810743, guid: a0b06e4202f2ce94c845166a280cb091,
        type: 3}
      propertyPath: m_Text
      value: Causa 2 de Dano. Se estiver em um slot sem modificador, causa <color=#F0DCBB>7</color>
        de dano
      objectReference: {fileID: 0}
    - target: {fileID: 2176949599757810743, guid: a0b06e4202f2ce94c845166a280cb091,
        type: 3}
      propertyPath: m_Color.b
      value: 0.73333335
      objectReference: {fileID: 0}
    - target: {fileID: 2176949599757810743, guid: a0b06e4202f2ce94c845166a280cb091,
        type: 3}
      propertyPath: m_Color.g
      value: 0.86274517
      objectReference: {fileID: 0}
    - target: {fileID: 2176949599757810743, guid: a0b06e4202f2ce94c845166a280cb091,
        type: 3}
      propertyPath: m_Color.r
      value: 0.94117653
      objectReference: {fileID: 0}
    - target: {fileID: 2176949599757810743, guid: a0b06e4202f2ce94c845166a280cb091,
        type: 3}
      propertyPath: m_FontData.m_FontSize
      value: 80
      objectReference: {fileID: 0}
    - target: {fileID: 2189281010482067898, guid: a0b06e4202f2ce94c845166a280cb091,
        type: 3}
      propertyPath: m_LocalScale.x
      value: 3.5
      objectReference: {fileID: 0}
    - target: {fileID: 2189281010482067898, guid: a0b06e4202f2ce94c845166a280cb091,
        type: 3}
      propertyPath: m_LocalScale.y
      value: 3.5
      objectReference: {fileID: 0}
    - target: {fileID: 2592093259282340133, guid: a0b06e4202f2ce94c845166a280cb091,
        type: 3}
      propertyPath: m_RootOrder
      value: 5
      objectReference: {fileID: 0}
    - target: {fileID: 3579270540851436107, guid: a0b06e4202f2ce94c845166a280cb091,
        type: 3}
      propertyPath: m_RootOrder
      value: 0
      objectReference: {fileID: 0}
    - target: {fileID: 4781481198652266175, guid: a0b06e4202f2ce94c845166a280cb091,
        type: 3}
      propertyPath: m_RootOrder
      value: 6
      objectReference: {fileID: 0}
    - target: {fileID: 4781481198652266175, guid: a0b06e4202f2ce94c845166a280cb091,
        type: 3}
      propertyPath: m_SizeDelta.x
      value: 734.827
      objectReference: {fileID: 0}
    - target: {fileID: 4781481198652266175, guid: a0b06e4202f2ce94c845166a280cb091,
        type: 3}
      propertyPath: m_SizeDelta.y
      value: 384.2328
      objectReference: {fileID: 0}
    - target: {fileID: 4781481198652266175, guid: a0b06e4202f2ce94c845166a280cb091,
        type: 3}
      propertyPath: m_AnchoredPosition.x
      value: -10.5
      objectReference: {fileID: 0}
    - target: {fileID: 4781481198652266175, guid: a0b06e4202f2ce94c845166a280cb091,
        type: 3}
      propertyPath: m_AnchoredPosition.y
      value: -439.7
      objectReference: {fileID: 0}
    - target: {fileID: 5025743578345865363, guid: a0b06e4202f2ce94c845166a280cb091,
        type: 3}
      propertyPath: m_text
      value: Attack
      objectReference: {fileID: 0}
    - target: {fileID: 5576537100517343380, guid: a0b06e4202f2ce94c845166a280cb091,
        type: 3}
      propertyPath: m_Text
      value: Punho do Orc valente
      objectReference: {fileID: 0}
    - target: {fileID: 5576537100517343380, guid: a0b06e4202f2ce94c845166a280cb091,
        type: 3}
      propertyPath: m_Color.b
      value: 0.011764706
      objectReference: {fileID: 0}
    - target: {fileID: 5576537100517343380, guid: a0b06e4202f2ce94c845166a280cb091,
        type: 3}
      propertyPath: m_Color.g
      value: 0.105882354
      objectReference: {fileID: 0}
    - target: {fileID: 5576537100517343380, guid: a0b06e4202f2ce94c845166a280cb091,
        type: 3}
      propertyPath: m_Color.r
      value: 0.23529412
      objectReference: {fileID: 0}
    - target: {fileID: 5576537100517343380, guid: a0b06e4202f2ce94c845166a280cb091,
        type: 3}
      propertyPath: m_Material
      value: 
      objectReference: {fileID: 0}
    - target: {fileID: 5576537100517343380, guid: a0b06e4202f2ce94c845166a280cb091,
        type: 3}
      propertyPath: m_FontData.m_FontStyle
      value: 1
      objectReference: {fileID: 0}
    - target: {fileID: 5944407994227468840, guid: a0b06e4202f2ce94c845166a280cb091,
        type: 3}
      propertyPath: m_RootOrder
      value: 4
      objectReference: {fileID: 0}
    - target: {fileID: 5961980837740955754, guid: a0b06e4202f2ce94c845166a280cb091,
        type: 3}
      propertyPath: m_Sprite
      value: 
      objectReference: {fileID: 21300000, guid: 988e90a30841c89498ace0986f8fcb3b,
        type: 3}
    - target: {fileID: 6135597975808978293, guid: a0b06e4202f2ce94c845166a280cb091,
        type: 3}
      propertyPath: m_LocalPosition.x
      value: -0.35
      objectReference: {fileID: 0}
    - target: {fileID: 6286732348696556266, guid: a0b06e4202f2ce94c845166a280cb091,
        type: 3}
      propertyPath: m_Color.a
      value: 1
      objectReference: {fileID: 0}
    - target: {fileID: 6286732348696556266, guid: a0b06e4202f2ce94c845166a280cb091,
        type: 3}
      propertyPath: m_Color.b
      value: 0
      objectReference: {fileID: 0}
    - target: {fileID: 6286732348696556266, guid: a0b06e4202f2ce94c845166a280cb091,
        type: 3}
      propertyPath: m_Color.g
      value: 1
      objectReference: {fileID: 0}
    - target: {fileID: 6286732348696556266, guid: a0b06e4202f2ce94c845166a280cb091,
        type: 3}
      propertyPath: m_Color.r
      value: 0.7663686
      objectReference: {fileID: 0}
    - target: {fileID: 6286732348696556266, guid: a0b06e4202f2ce94c845166a280cb091,
        type: 3}
      propertyPath: m_Enabled
      value: 0
      objectReference: {fileID: 0}
    - target: {fileID: 6447475351095553270, guid: a0b06e4202f2ce94c845166a280cb091,
        type: 3}
      propertyPath: m_text
      value: Valiant Orc's Fist
      objectReference: {fileID: 0}
    - target: {fileID: 6498126145525372637, guid: a0b06e4202f2ce94c845166a280cb091,
        type: 3}
      propertyPath: m_LocalScale.x
      value: 565
      objectReference: {fileID: 0}
    - target: {fileID: 6498126145525372637, guid: a0b06e4202f2ce94c845166a280cb091,
        type: 3}
      propertyPath: m_LocalScale.y
      value: 565
      objectReference: {fileID: 0}
    - target: {fileID: 6498126145525372637, guid: a0b06e4202f2ce94c845166a280cb091,
        type: 3}
      propertyPath: m_LocalScale.z
      value: 565
      objectReference: {fileID: 0}
    - target: {fileID: 6993424766030611876, guid: a0b06e4202f2ce94c845166a280cb091,
        type: 3}
      propertyPath: m_RootOrder
      value: 6
      objectReference: {fileID: 0}
    - target: {fileID: 7040496252044979256, guid: a0b06e4202f2ce94c845166a280cb091,
        type: 3}
      propertyPath: m_Text
      value: Ataque
      objectReference: {fileID: 0}
    - target: {fileID: 7040496252044979256, guid: a0b06e4202f2ce94c845166a280cb091,
        type: 3}
      propertyPath: m_Color.b
      value: 0
      objectReference: {fileID: 0}
    - target: {fileID: 7040496252044979256, guid: a0b06e4202f2ce94c845166a280cb091,
        type: 3}
      propertyPath: m_Color.g
      value: 0
      objectReference: {fileID: 0}
    - target: {fileID: 7040496252044979256, guid: a0b06e4202f2ce94c845166a280cb091,
        type: 3}
      propertyPath: m_Color.r
      value: 0
      objectReference: {fileID: 0}
    - target: {fileID: 7040496252044979256, guid: a0b06e4202f2ce94c845166a280cb091,
        type: 3}
      propertyPath: m_Material
      value: 
      objectReference: {fileID: 0}
    - target: {fileID: 7279380758262856005, guid: a0b06e4202f2ce94c845166a280cb091,
        type: 3}
      propertyPath: m_Type
      value: 0
      objectReference: {fileID: 0}
    - target: {fileID: 7279380758262856005, guid: a0b06e4202f2ce94c845166a280cb091,
        type: 3}
      propertyPath: m_Sprite
      value: 
      objectReference: {fileID: 21300000, guid: 37711d363204f3349bcbf62daf9afea9,
        type: 3}
    - target: {fileID: 7279380758262856005, guid: a0b06e4202f2ce94c845166a280cb091,
        type: 3}
      propertyPath: m_Color.b
      value: 1
      objectReference: {fileID: 0}
    - target: {fileID: 7279380758262856005, guid: a0b06e4202f2ce94c845166a280cb091,
        type: 3}
      propertyPath: m_Color.g
      value: 1
      objectReference: {fileID: 0}
    - target: {fileID: 7279380758262856005, guid: a0b06e4202f2ce94c845166a280cb091,
        type: 3}
      propertyPath: m_Color.r
      value: 1
      objectReference: {fileID: 0}
    - target: {fileID: 7279380758262856005, guid: a0b06e4202f2ce94c845166a280cb091,
        type: 3}
      propertyPath: m_FillAmount
      value: 1
      objectReference: {fileID: 0}
    - target: {fileID: 7279380758262856005, guid: a0b06e4202f2ce94c845166a280cb091,
        type: 3}
      propertyPath: m_FillMethod
      value: 4
      objectReference: {fileID: 0}
    - target: {fileID: 7279380758262856005, guid: a0b06e4202f2ce94c845166a280cb091,
        type: 3}
      propertyPath: m_FillOrigin
      value: 0
      objectReference: {fileID: 0}
    - target: {fileID: 7279380758262856005, guid: a0b06e4202f2ce94c845166a280cb091,
        type: 3}
      propertyPath: m_PreserveAspect
      value: 0
      objectReference: {fileID: 0}
    - target: {fileID: 7880491365567682158, guid: a0b06e4202f2ce94c845166a280cb091,
        type: 3}
      propertyPath: m_Sprite
      value: 
      objectReference: {fileID: 21300000, guid: 988e90a30841c89498ace0986f8fcb3b,
        type: 3}
    - target: {fileID: 8597014883771354588, guid: a0b06e4202f2ce94c845166a280cb091,
        type: 3}
      propertyPath: m_Text
      value: 1
      objectReference: {fileID: 0}
    - target: {fileID: 8931914428245007194, guid: a0b06e4202f2ce94c845166a280cb091,
        type: 3}
      propertyPath: m_Materials.Array.data[0]
      value: 
      objectReference: {fileID: 2100000, guid: 9dfc825aed78fcd4ba02077103263b40, type: 2}
    m_RemovedComponents:
    - {fileID: 7296518934501615143, guid: a0b06e4202f2ce94c845166a280cb091, type: 3}
    - {fileID: 1297582945859116110, guid: a0b06e4202f2ce94c845166a280cb091, type: 3}
    - {fileID: 2176949599757810743, guid: a0b06e4202f2ce94c845166a280cb091, type: 3}
    - {fileID: 3624994555485511367, guid: a0b06e4202f2ce94c845166a280cb091, type: 3}
    - {fileID: 1948180334346670035, guid: a0b06e4202f2ce94c845166a280cb091, type: 3}
  m_SourcePrefab: {fileID: 100100000, guid: a0b06e4202f2ce94c845166a280cb091, type: 3}
--- !u!1 &7872347440392931497 stripped
GameObject:
  m_CorrespondingSourceObject: {fileID: 1948180334346670037, guid: a0b06e4202f2ce94c845166a280cb091,
    type: 3}
  m_PrefabInstance: {fileID: 8523451490477606780}
  m_PrefabAsset: {fileID: 0}
--- !u!1 &7818137475151301446 stripped
GameObject:
  m_CorrespondingSourceObject: {fileID: 1888973501409332282, guid: a0b06e4202f2ce94c845166a280cb091,
    type: 3}
  m_PrefabInstance: {fileID: 8523451490477606780}
  m_PrefabAsset: {fileID: 0}
--- !u!114 &7420192362884736274 stripped
MonoBehaviour:
  m_CorrespondingSourceObject: {fileID: 1202655006688191086, guid: a0b06e4202f2ce94c845166a280cb091,
    type: 3}
  m_PrefabInstance: {fileID: 8523451490477606780}
  m_PrefabAsset: {fileID: 0}
  m_GameObject: {fileID: 0}
  m_Enabled: 1
  m_EditorHideFlags: 0
  m_Script: {fileID: 11500000, guid: 9541d86e2fd84c1d9990edf0852d74ab, type: 3}
  m_Name: 
  m_EditorClassIdentifier: 
--- !u!4 &9147934560085266226 stripped
Transform:
  m_CorrespondingSourceObject: {fileID: 628990998698510414, guid: a0b06e4202f2ce94c845166a280cb091,
    type: 3}
  m_PrefabInstance: {fileID: 8523451490477606780}
  m_PrefabAsset: {fileID: 0}
--- !u!212 &990203824483064870 stripped
SpriteRenderer:
  m_CorrespondingSourceObject: {fileID: 8931914428245007194, guid: a0b06e4202f2ce94c845166a280cb091,
    type: 3}
  m_PrefabInstance: {fileID: 8523451490477606780}
  m_PrefabAsset: {fileID: 0}
--- !u!1 &1664032667799256101 stripped
GameObject:
  m_CorrespondingSourceObject: {fileID: 7016244408683133785, guid: a0b06e4202f2ce94c845166a280cb091,
    type: 3}
  m_PrefabInstance: {fileID: 8523451490477606780}
  m_PrefabAsset: {fileID: 0}
--- !u!114 &3744293185920206831 stripped
MonoBehaviour:
  m_CorrespondingSourceObject: {fileID: 5025743578345865363, guid: a0b06e4202f2ce94c845166a280cb091,
    type: 3}
  m_PrefabInstance: {fileID: 8523451490477606780}
  m_PrefabAsset: {fileID: 0}
  m_GameObject: {fileID: 1664032667799256101}
  m_Enabled: 1
  m_EditorHideFlags: 0
  m_Script: {fileID: 11500000, guid: 9541d86e2fd84c1d9990edf0852d74ab, type: 3}
  m_Name: 
  m_EditorClassIdentifier: 
--- !u!1 &4068044528034481024 stripped
GameObject:
  m_CorrespondingSourceObject: {fileID: 5637936127496586492, guid: a0b06e4202f2ce94c845166a280cb091,
    type: 3}
  m_PrefabInstance: {fileID: 8523451490477606780}
  m_PrefabAsset: {fileID: 0}
--- !u!114 &3401177950376307594 stripped
MonoBehaviour:
  m_CorrespondingSourceObject: {fileID: 6447475351095553270, guid: a0b06e4202f2ce94c845166a280cb091,
    type: 3}
  m_PrefabInstance: {fileID: 8523451490477606780}
  m_PrefabAsset: {fileID: 0}
  m_GameObject: {fileID: 4068044528034481024}
  m_Enabled: 1
  m_EditorHideFlags: 0
  m_Script: {fileID: 11500000, guid: 9541d86e2fd84c1d9990edf0852d74ab, type: 3}
  m_Name: 
  m_EditorClassIdentifier: 
--- !u!4 &1676679628864717528 stripped
Transform:
  m_CorrespondingSourceObject: {fileID: 6993424766030611876, guid: a0b06e4202f2ce94c845166a280cb091,
    type: 3}
  m_PrefabInstance: {fileID: 8523451490477606780}
  m_PrefabAsset: {fileID: 0}
--- !u!1 &8825890241174587795 stripped
GameObject:
  m_CorrespondingSourceObject: {fileID: 878973307859062511, guid: a0b06e4202f2ce94c845166a280cb091,
    type: 3}
  m_PrefabInstance: {fileID: 8523451490477606780}
  m_PrefabAsset: {fileID: 0}
--- !u!114 &7392383488471602584 stripped
MonoBehaviour:
  m_CorrespondingSourceObject: {fileID: 1215519336268108516, guid: a0b06e4202f2ce94c845166a280cb091,
    type: 3}
  m_PrefabInstance: {fileID: 8523451490477606780}
  m_PrefabAsset: {fileID: 0}
  m_GameObject: {fileID: 8825890241174587795}
  m_Enabled: 1
  m_EditorHideFlags: 0
  m_Script: {fileID: 11500000, guid: 9541d86e2fd84c1d9990edf0852d74ab, type: 3}
  m_Name: 
  m_EditorClassIdentifier: 
--- !u!224 &215161697636619352 stripped
RectTransform:
  m_CorrespondingSourceObject: {fileID: 8409638411028632356, guid: a0b06e4202f2ce94c845166a280cb091,
    type: 3}
  m_PrefabInstance: {fileID: 8523451490477606780}
  m_PrefabAsset: {fileID: 0}
